<?xml version="1.0" encoding="UTF-8"?><collection xmlns="http://www.loc.gov/MARC21/slim"><record><leader>00571nam--2200181-i-4500</leader><controlfield tag="001">000023913</controlfield><controlfield tag="002">20161230</controlfield><controlfield tag="005">20170127235326</controlfield><controlfield tag="008">060222s1000------------r-----000-0-hun-d</controlfield><datafield ind1=" " ind2=" " tag="040"><subfield code="a">IFIN-HH</subfield></datafield><datafield ind1=" " ind2=" " tag="041"><subfield code="a">hun</subfield></datafield><datafield ind1=" " ind2=" " tag="080"><subfield code="a">621.039.58:614.876</subfield></datafield><datafield ind1="1" ind2=" " tag="100"><subfield code="a">Ber©♭nyi, D©♭nes</subfield></datafield><datafield ind1="1" ind2="0" tag="245"><subfield code="a">Az atomenergia- ©♭s magkutat©Łs ©ðjabb eredm©♭nyeir¿l</subfield><subfield code="b">Vol. 5 fizikai m©đdszerek az emberi k©œrnyezet kutat©Łs©Łban ©♭s v©♭delm©♭ben</subfield><subfield code="c">Ber©♭nyi D©♭nes</subfield></datafield><datafield ind1=" " ind2=" " tag="260"><subfield code="a">Budapest</subfield><subfield code="b">Akad©♭miai Kiad©đ</subfield><subfield code="c">1987</subfield></datafield><datafield ind1=" " ind2=" " tag="300"><subfield code="a">339 p</subfield></datafield><datafield ind1=" " ind2=" " tag="852"><subfield code="a">71523</subfield><subfield code="c">539.12.04</subfield></datafield><datafield ind1=" " ind2=" " tag="CAT"><subfield code="a">SYS</subfield><subfield code="c">20170127</subfield><subfield code="h">235326</subfield></datafield></record></collection>